@ARTICLE{Sunyaev72,
   author = {{Sunyaev}, R. A. and {Zel'dovich}, Ya. B.},
    title = "{}",
  journal = {Comments Astrophys. Space Phys. },
archivePrefix = "arXiv",
   eprint = {},
 primaryClass = "",
 keywords = {},
     year = ,
    month = ,
   adsurl = {},
  adsnote = {}
}


@ARTICLE{Sunyaev72,
   author = {{Sunyaev}, R. A. and {Zel'dovich}, Ya. B.},
    title = "{}",
  journal = {Comments Astrophys. Space Phys. },
archivePrefix = "arXiv",
   eprint = {},
 primaryClass = "",
 keywords = {},
     year = ,
    month = ,
   adsurl = {},
  adsnote = {}
}
